<record><leader>00000cas a22000007a 4500</leader><controlfield tag="001">32661755</controlfield><controlfield tag="008">950616d19561976ncuwr ne      0    0eng d</controlfield><datafield ind1=" " ind2=" " tag="010"><subfield code="a">sn 95072308 </subfield></datafield><datafield ind1=" " ind2=" " tag="040"><subfield code="a">NVJ</subfield><subfield code="b">eng</subfield><subfield code="c">NVJ</subfield><subfield code="d">OCLCQ</subfield></datafield><datafield ind1=" " ind2=" " tag="042"><subfield code="a">msc</subfield></datafield><datafield ind1="0" ind2=" " tag="130"><subfield code="a">Camp Lejeune globe (Camp Lejeune, N.C. : 1956)</subfield></datafield><datafield ind1="1" ind2="0" tag="245"><subfield code="a">Camp Lejeune globe.</subfield></datafield><datafield ind1=" " ind2=" " tag="260"><subfield code="a">Camp Lejeune, N.C. :</subfield><subfield code="b">official publication of Camp Lejeune, N.C.</subfield></datafield><datafield ind1=" " ind2=" " tag="300"><subfield code="a">v.</subfield></datafield><datafield ind1=" " ind2=" " tag="310"><subfield code="a">Weekly</subfield></datafield><datafield ind1="0" ind2=" " tag="362"><subfield code="a">Vol. 12, no. 1 (Jan. 6, 1956)-v. 32, no. 29 (July 15, 1976).</subfield></datafield><datafield ind1=" " ind2=" " tag="500"><subfield code="a">Printed by The Mount Olive tribune, Mount Olive, N.C., Jan. 6, 1956-</subfield></datafield><datafield ind1=" " ind2=" " tag="500"><subfield code="a">Printing is contracted through the Daily news, Jacksonville, N.C., -July 15, 1976.</subfield></datafield><datafield ind1=" " ind2=" " tag="530"><subfield code="a">Available on microfilm from U.S. Marine Corps, Microfilm Unit.</subfield></datafield><datafield ind1=" " ind2=" " tag="752"><subfield code="a">United States</subfield><subfield code="b">North Carolina</subfield><subfield code="c">Onslow</subfield><subfield code="d">Camp Lejeune.</subfield></datafield><datafield ind1="0" ind2="0" tag="780"><subfield code="t">Globe (Camp Lejeune, N.C.)</subfield><subfield code="w">(DLC)sn 95072307</subfield></datafield><datafield ind1="0" ind2="0" tag="785"><subfield code="t">Globe (Camp Lejeune, N.C. : 1976)</subfield><subfield code="w">(DLC)sn 95072309</subfield></datafield></record>